<record><leader>00000cas a22000007a 4500</leader><controlfield tag="001">19565393</controlfield><controlfield tag="008">890418c19779999mouwr ne      0    0eng d</controlfield><datafield ind1=" " ind2=" " tag="010"><subfield code="a">sn 89066481 </subfield></datafield><datafield ind1=" " ind2=" " tag="040"><subfield code="a">MQN</subfield><subfield code="b">eng</subfield><subfield code="c">MQN</subfield><subfield code="d">OCLCQ</subfield></datafield><datafield ind1=" " ind2=" " tag="042"><subfield code="a">msc</subfield></datafield><datafield ind1="0" ind2=" " tag="130"><subfield code="a">Reynolds County courier (Ellington, Mo.)</subfield></datafield><datafield ind1="1" ind2="0" tag="245"><subfield code="a">Reynolds County courier.</subfield></datafield><datafield ind1=" " ind2=" " tag="260"><subfield code="a">Ellington, Reynolds County, Mo. :</subfield><subfield code="b">Ellinghouse Pub. Co.,</subfield><subfield code="c">1977-</subfield></datafield><datafield ind1=" " ind2=" " tag="300"><subfield code="a">v.</subfield></datafield><datafield ind1=" " ind2=" " tag="310"><subfield code="a">Weekly</subfield></datafield><datafield ind1="0" ind2=" " tag="362"><subfield code="a">Vol. 100, no. 26 (Jan. 6, 1977)-</subfield></datafield><datafield ind1=" " ind2=" " tag="752"><subfield code="a">United States</subfield><subfield code="b">Missouri</subfield><subfield code="c">Reynolds</subfield><subfield code="d">Ellington.</subfield></datafield><datafield ind1="0" ind2="0" tag="780"><subfield code="t">Courier-press (Ellington, Mo.)</subfield><subfield code="w">(DLC)sn 89066479</subfield></datafield></record>